@online{riscv_manual,
  author    = {Andrew Waterman and Krste AsanoviÄ‡},
  title     = {The RISC-V Instruction Set Manual, Volume I: User-Level ISA},
  year      = {2017},
  url       = {https://riscv.org/wp-content/uploads/2017/05/riscv-spec-v2.2.pdf#chapter.2},
  urldate   = {2023-06-11}
}

